
@BOOKLET{TP,
   author = "{TP}: {T}utorials {P}oint",
   title = "{Java} Tutorial, Simply Easy Learning",
   language = "english",
   annote = "Tutorial extens sobre {Java} i les seves característiques bàsiques",
   howpublished = "\url{http://tutorialspoint.com/}",
   note = "[Online;  consultada el 23/04/2013]"
}
@BOOKLET{PF05,
   author = "Paul Fisher",
   title = "An Introduction to {G}raphical {U}ser {I}nterfaces with {Java} {Swing}",
   language = "english",
   address = "Edinburgh Gate, Harlow, Essex CM20 2JE, England",
   year = 2005,
   howpublished = "Pearson Education",
   note ="ISBN: 0321220706",
   annote = "Introducció a la creació de interfícies gràfiques mitjançant {Swing}"
}


%%%%%%%%%%%%%%%%%%%%%%%%%%%%%%%%%%%%%%%%%%%%%%%%%%%%%%%%%%%%%
%%%%%%%%%%%%%  URL %%%%%%%%%%%%%%%%%%%%%%%%%%%%%%%%%%%%%%%%%%
%%%%%%%%%%%%%%%%%%%%%%%%%%%%%%%%%%%%%%%%%%%%%%%%%%%%%%%%%%%%%

@misc{GNU-ca,
  author = {Free {S}oftware {F}oundation},
  title = {Pàgina web de {GNU}},
  howpublished = "\url{http://www.gnu.org/home.ca.html}",
  note = "[Online;  consultada el 19/03/2013]"
}@misc{YJT-en,
  author = {{T}he{N}ew{B}oston},
  title = {Java (Beginner) Programming Tutorials},
  howpublished = "\url{http://www.youtube.com/course?list=ECFE2CE09D83EE3E28 }",
  note = "[Online;  consultada el 20/01/2013]"
}

@misc{kile,
  author = {Kile},
  title = {Pàgina web del projecte de K{}ile a {S}ourceforge},
  howpublished = "\url{http://kile.sourceforge.net/}",
  note = "[Online;  consultada el 04/01/2014]"
 } 


@misc{xubuntu,
  author = {Xubuntu},
  title = {Pàgina web del sistema operatiu {X}ubuntu},
  howpublished = "\url{https://xubuntu.org/}",
  note = "[Online;  consultada el 30/06/2025]"
 }

@misc{qualitatAigua,
  author = {Aigües de Barcelona},
  title = {Qualitat de l'aigua},
  howpublished = "\url{https://www.aiguesdebarcelona.cat/el-teu-servei-daigua/qualitat-de-laigua}",
  note = "[Online;  consultada el 6/07/2025]"
 }

@misc{tiresReactives,
  author = {Amazon},
  title = {Tiras reactivas 17 en 1},
  howpublished = "\url{https://www.amazon.es/AAwipes-bacterianas-completas-confirmadas-laboratorio/dp/B0D2RJYV5N/ref=sr_1_4?__mk_es_ES=%C3%85M%C3%85%C5%BD%C3%95%C3%91&crid=Y2FU50CCTUA7&dib=eyJ2IjoiMSJ9.YetlQKbLdqCnLob4kTUvIh8yYP7C3ah--jxBHN0BBSmNbt-bv_IFL913YsPtW2H4fTNzH9aEbLWLlnGBvBZGEn-0eSrnGFnI0Y9MUFqnG-JoxKRA__lGaNrYpRc82yt0tZU9A1xxjYZPH0MgjQla9SLE6G3c2WXify9lrJMXEdVIIOSJUBIwBjbCuSlW5AhMT769Ct1dxb3uOOUUrWCNXz6JTDu_HkxJR92J_qgtkoR6H5JwjM9-6JPIhU6SNxz9kqrkQCwS2ZhFhUueQnYSbRkKvElKRwkJIBA7wOSLwR0.F2BH8RPTaPPYjNh4DlBgQtAdjd40asoELi7dtWmtyZE&dib_tag=se&keywords=tiras+reactivas+agua+17+valores&qid=1753689208&sprefix=tiras+reactivas+agua+17+valores%2Caps%2C134&sr=8-4}",
  note = "[Online;  consultada el 3/07/2025]"
 }
 
 @misc{VideosDeSuport,
  author = {YouTube},
  title = {Videos de YouTube que m'han ajudat a entendre el funcionament de les tires reactives},
  howpublished = "\url{https://youtube.com/shorts/IwNHb4AYg8E?si=knGUsyAn8cXRYRg8}",
  note = "[Online;  consultada el 20/07/2025]"
 }
 
 @misc{FontsPerTires,
  author = {Flipr Shop},
  title = {Webs per entendre el funcionament de les tires reactives},
  howpublished = "\url{https://flipr.shop/es/blogs/flipr-blog-piscinas/como-usar-tiras-reactivas-para-medir-el-ph?srsltid=AfmBOoqKHIb4cOCDaP-Eq9W37zbznN4ftl5VX_FsmdKpx7ELb2GD2LeQ}",
  note = "[Online;  consultada el 20/07/2025]"
 }
 
 @misc{WikiClor,
  author = {Wikipedia},
  title = {Informació del clor},
  howpublished = "\url{https://es.wikipedia.org/wiki/Cloro}",
  note = "[Online;  consultada el 4/08/2025]"
 }
 
  @misc{WikiAgua,
  author = {Wikipedia},
  title = {Informació del la qualitat de l'aigua segons Wikipedia},
  howpublished = "\url{https://es.wikipedia.org/wiki/Calidad_del_agua}",
  note = "[Online;  consultada el 4/08/2025]"
 }
 
  @misc{Fundacionaquae,
  author = {Fundación Aquae},
  title = {Informació del la qualitat de l'aigua segons Fundación Aquae},
  howpublished = "\url{https://www.fundacionaquae.org/que-hacemos-aquae/}",
  note = "[Online;  consultada el 4/08/2025]"
 }
 

  @misc{WikiMetales,
  author = {Wikipedia},
  title = {Informació dels metalls pesats},
  howpublished = "\url{https://es.wikipedia.org/wiki/Metal_pesado}",
  note = "[Online;  consultada el 4/08/2025]"
 }
